<record><leader>00000cas a22000007a 4500</leader><controlfield tag="001">16637789</controlfield><controlfield tag="008">870903d18541864ohuwr ne      0    0eng d</controlfield><datafield ind1=" " ind2=" " tag="010"><subfield code="a">sn 87075002 </subfield></datafield><datafield ind1=" " ind2=" " tag="040"><subfield code="a">ONP</subfield><subfield code="b">eng</subfield><subfield code="c">ONP</subfield><subfield code="d">OCLCQ</subfield></datafield><datafield ind1=" " ind2=" " tag="042"><subfield code="a">msc</subfield></datafield><datafield ind1="0" ind2="0" tag="245"><subfield code="a">M'connelsville weekly enquirer.</subfield></datafield><datafield ind1="3" ind2="0" tag="246"><subfield code="a">M'connelsville enquirer</subfield></datafield><datafield ind1="3" ind2="0" tag="246"><subfield code="a">Enquirer</subfield></datafield><datafield ind1="1" ind2="7" tag="246"><subfield code="a">Weekly enquirer</subfield><subfield code="f">July 15, 1858-Dec. 30, 1863</subfield></datafield><datafield ind1=" " ind2=" " tag="260"><subfield code="a">M'connelsville, Ohio :</subfield><subfield code="b">D.B. Lin,</subfield><subfield code="c">1854-</subfield></datafield><datafield ind1=" " ind2=" " tag="310"><subfield code="a">Weekly</subfield></datafield><datafield ind1="0" ind2=" " tag="362"><subfield code="a">Vol. 1, no. 1 (June 8, 1854)-</subfield></datafield><datafield ind1="1" ind2=" " tag="362"><subfield code="a">Ceased with Mar. 11, 1864 issue?</subfield></datafield><datafield ind1=" " ind2=" " tag="500"><subfield code="a">Published as: M'connelsville enquirer, June 8-Aug. 17, 1854, and: Enquirer, Jan. 6-Mar. 11, 1864.</subfield></datafield><datafield ind1=" " ind2=" " tag="515"><subfield code="a">July 23, 1863 issue not published.</subfield></datafield><datafield ind1=" " ind2=" " tag="752"><subfield code="a">United States</subfield><subfield code="b">Ohio</subfield><subfield code="c">Morgan</subfield><subfield code="d">McConnelsville.</subfield></datafield></record>